<record><leader>00000cas a22000007a 4500</leader><controlfield tag="001">13318492</controlfield><controlfield tag="008">860320d19181964pauwr ne      0    0eng d</controlfield><datafield ind1=" " ind2=" " tag="010"><subfield code="a">sn 86081192 </subfield></datafield><datafield ind1=" " ind2=" " tag="040"><subfield code="a">NPH</subfield><subfield code="b">eng</subfield><subfield code="c">NPH</subfield><subfield code="d">OCLCQ</subfield></datafield><datafield ind1=" " ind2=" " tag="042"><subfield code="a">msc</subfield></datafield><datafield ind1="0" ind2="4" tag="245"><subfield code="a">The Herndon news. Consolidated with the Herndon star.</subfield></datafield><datafield ind1=" " ind2=" " tag="260"><subfield code="a">Herndon, Pa. :</subfield><subfield code="b">Harry E. Ziegler,</subfield><subfield code="c">1918-1964.</subfield></datafield><datafield ind1=" " ind2=" " tag="300"><subfield code="a">v. :</subfield><subfield code="b">ill. ;</subfield><subfield code="c">62 cm.</subfield></datafield><datafield ind1=" " ind2=" " tag="310"><subfield code="a">Weekly</subfield></datafield><datafield ind1="0" ind2=" " tag="362"><subfield code="a">Vol. 10, no. 38 (Sept. 6, 1918)-v. 56, no. 17 (Mar. 18, 1964).</subfield></datafield><datafield ind1=" " ind2=" " tag="752"><subfield code="a">United States</subfield><subfield code="b">Pennsylvania</subfield><subfield code="c">Northumberland</subfield><subfield code="d">Herndon.</subfield></datafield><datafield ind1="0" ind2="4" tag="780"><subfield code="t">Herndon news</subfield><subfield code="w">(OCoLC)18699180</subfield></datafield><datafield ind1="0" ind2="4" tag="780"><subfield code="t">Herndon star</subfield><subfield code="w">(DLC)sn 86081191</subfield></datafield><datafield ind1="0" ind2="0" tag="785"><subfield code="t">Herndon news (Herndon, Pa. : 1964)</subfield><subfield code="w">(DLC)sn 89077053</subfield></datafield><datafield ind1="1" ind2=" " tag="029"><subfield code="a">AU@</subfield><subfield code="b">000024594194</subfield></datafield></record>